<record><leader>00000cas a22000007a 4500</leader><controlfield tag="001">11339827</controlfield><controlfield tag="008">841102d1830183ukyuir ne      0    0eng d</controlfield><datafield ind1=" " ind2=" " tag="010"><subfield code="a">sn 84038562 </subfield></datafield><datafield ind1=" " ind2=" " tag="040"><subfield code="a">NPX</subfield><subfield code="b">eng</subfield><subfield code="c">NPX</subfield><subfield code="d">KNP</subfield><subfield code="d">NVF</subfield><subfield code="d">CNW</subfield><subfield code="d">NVF</subfield><subfield code="d">OCL</subfield><subfield code="d">OCLCQ</subfield><subfield code="d">OCLCF</subfield><subfield code="d">OCLCO</subfield></datafield><datafield ind1="1" ind2=" " tag="029"><subfield code="a">AU@</subfield><subfield code="b">000020122730</subfield></datafield><datafield ind1=" " ind2=" " tag="042"><subfield code="a">msc</subfield></datafield><datafield ind1=" " ind2=" " tag="043"><subfield code="a">n-us-ky</subfield></datafield><datafield ind1="0" ind2=" " tag="130"><subfield code="a">Public advertiser (Louisville, Ky. : 1830)</subfield></datafield><datafield ind1="1" ind2="0" tag="245"><subfield code="a">Public advertiser.</subfield></datafield><datafield ind1=" " ind2=" " tag="250"><subfield code="a">[For the country].</subfield></datafield><datafield ind1=" " ind2=" " tag="260"><subfield code="a">Louisville [Ky.] :</subfield><subfield code="b">S. Penn, Jr.,</subfield><subfield code="c">1830-</subfield></datafield><datafield ind1=" " ind2=" " tag="300"><subfield code="a">v.</subfield></datafield><datafield ind1=" " ind2=" " tag="310"><subfield code="a">Triweekly</subfield></datafield><datafield ind1="0" ind2=" " tag="362"><subfield code="a">Jan. 2, 1830-</subfield></datafield><datafield ind1=" " ind2=" " tag="500"><subfield code="a">Title from column heading; published without masthead.</subfield></datafield><datafield ind1=" " ind2=" " tag="580"><subfield code="a">Daily eds.: Louisville public advertiser (Louisville, Ky. : 1819), 1830, and: Daily Louisville public advertiser, 1830-&lt;&gt;.</subfield></datafield><datafield ind1=" " ind2=" " tag="580"><subfield code="a">Weekly ed.: Louisville public advertiser (Louisville, Ky. : 1828), 1830-&lt;&gt;.</subfield></datafield><datafield ind1=" " ind2="0" tag="651"><subfield code="a">Louisville (Ky.)</subfield><subfield code="v">Newspapers.</subfield></datafield><datafield ind1=" " ind2="7" tag="655"><subfield code="a">Newspapers.</subfield><subfield code="2">fast</subfield><subfield code="0">(OCoLC)fst01423814</subfield></datafield><datafield ind1=" " ind2="7" tag="651"><subfield code="a">Kentucky</subfield><subfield code="z">Louisville.</subfield><subfield code="2">fast</subfield><subfield code="0">(OCoLC)fst01204602</subfield></datafield><datafield ind1=" " ind2=" " tag="752"><subfield code="a">United States</subfield><subfield code="b">Kentucky</subfield><subfield code="c">Jefferson</subfield><subfield code="d">Louisville.</subfield></datafield><datafield ind1="1" ind2=" " tag="775"><subfield code="t">Louisville public advertiser (Louisville, Ky. : 1819)</subfield><subfield code="w">(DLC)sn 84020093</subfield><subfield code="w">(OCoLC)10337910</subfield></datafield><datafield ind1="1" ind2=" " tag="775"><subfield code="t">Daily Louisville public advertiser</subfield><subfield code="w">(DLC)sn 83016365</subfield><subfield code="w">(OCoLC)9772675</subfield></datafield><datafield ind1="1" ind2=" " tag="775"><subfield code="t">Louisville public advertiser (Louisville, Ky. : 1828)</subfield><subfield code="w">(DLC)sn 82014631</subfield><subfield code="w">(OCoLC)8800803</subfield></datafield><datafield ind1="0" ind2="0" tag="785"><subfield code="t">Advertiser (Louisville, Ky. : 1833)</subfield><subfield code="w">(DLC)sn 94053102</subfield><subfield code="w">(OCoLC)30627972</subfield></datafield></record>